<?xml version="1.0" encoding="utf-8"?>
<record xmlns="http://www.loc.gov/MARC21/slim" xmlns:xsi="http://www.w3.org/2001/XMLSchema-instance" xsi:schemaLocation="http://www.loc.gov/MARC21/slim http://www.loc.gov/standards/marcxml/schema/MARC21slim.xsd">
	<leader>
		03005nam a2200517   4500
	</leader>
	<controlfield tag="001">
		972111
	</controlfield>
	<controlfield tag="003">
		NjP
	</controlfield>
	<controlfield tag="006">
		m        d        
	</controlfield>
	<controlfield tag="007">
		cr cn |||m|||a
	</controlfield>
	<controlfield tag="008">
		151222s1989    ir      ob    000 0 ara d
	</controlfield>
	<datafield ind1=" " ind2=" " tag="040">
		<subfield code="a">
			NNU
		</subfield>
		<subfield code="b">
			eng
		</subfield>
		<subfield code="e">
			rda
		</subfield>
		<subfield code="c">
			NNU
		</subfield>
	</datafield>
	<datafield ind1=" " ind2=" " tag="043">
		<subfield code="a">
			ma-----
		</subfield>
	</datafield>
	<datafield ind1="1" ind2=" " tag="100">
		<subfield code="6">
			880-01
		</subfield>
		<subfield code="a">
			Hāshimī, Aḥmad.  
		</subfield>
	</datafield>
	<datafield ind1="1" ind2="3" tag="245">
		<subfield code="6">
			880-02
		</subfield>
		<subfield code="a">
			al-Qawāʻid al-asāsīyah lil-lughah al-ʻArabīyah :
		</subfield>
		<subfield code="b">
			ḥasab manhaj &quot;Matn al-Alfīyah&quot; li-Ibn Mālik wa-khulāṣat al-shurrāḥ li-Ibn Hishām wa-Ibn ʻAqīl wa-al-Ushmūnī /
		</subfield>
		<subfield code="c">
			taʼlīf Aḥmad al-Hāshimī.
		</subfield>
	</datafield>
	<datafield ind1=" " ind2=" " tag="250">
		<subfield code="6">
			880-03
		</subfield>
		<subfield code="a">
			al-Ṭabʻah 2.
		</subfield>
	</datafield>
	<datafield ind1=" " ind2=" " tag="260">
		<subfield code="6">
			880-04
		</subfield>
		<subfield code="a">
			[Iran] :
		</subfield>
		<subfield code="b">
			Dār al-Hijrah,
		</subfield>
		<subfield code="c">
			1410 [1989 or 1990]
		</subfield>
	</datafield>
	<datafield ind1=" " ind2=" " tag="300">
		<subfield code="a">
			online resource (368, 16 pages)
		</subfield>
	</datafield>
	<datafield ind1=" " ind2=" " tag="336">
		<subfield code="a">
			text
		</subfield>
		<subfield code="2">
			rdacontent
		</subfield>
	</datafield>
	<datafield ind1=" " ind2=" " tag="337">
		<subfield code="a">
			computer
		</subfield>
		<subfield code="2">
			rdamedia
		</subfield>
	</datafield>
	<datafield ind1=" " ind2=" " tag="338">
		<subfield code="a">
			online resource
		</subfield>
		<subfield code="2">
			rdacarrier
		</subfield>
	</datafield>
	<datafield ind1=" " ind2=" " tag="500">
		<subfield code="a">
			Part of the Arabic Collections Online (ACO) project, contributed by Princeton University Libraries.
		</subfield>
	</datafield>
	<datafield ind1=" " ind2=" " tag="504">
		<subfield code="a">
			Includes bibliographical references.
		</subfield>
	</datafield>
	<datafield ind1=" " ind2=" " tag="533">
		<subfield code="a">
			Electronic reproduction.
		</subfield>
		<subfield code="b">
			New York, N.Y. :
		</subfield>
		<subfield code="c">
			New York University,
		</subfield>
		<subfield code="d">
			2015.
		</subfield>
		<subfield code="5">
			NNU
		</subfield>
	</datafield>
	<datafield ind1="1" ind2="0" tag="600">
		<subfield code="a">
			Ibn Mālik, Muḥammad ibn ʻAbd Allāh,
		</subfield>
		<subfield code="d">
			-1274.
		</subfield>
		<subfield code="t">
			Alfīyah.
		</subfield>
	</datafield>
	<datafield ind1=" " ind2="0" tag="650">
		<subfield code="a">
			Arabic language
		</subfield>
		<subfield code="x">
			Grammar
		</subfield>
		<subfield code="v">
			Early works to 1800.
		</subfield>
	</datafield>
	<datafield ind1="0" ind2="7" tag="630">
		<subfield code="a">
			Alfīyah (Ibn Mālik, Muḥammad ibn ʻAbd Allāh)
		</subfield>
		<subfield code="2">
			fast
		</subfield>
		<subfield code="0">
			(OCoLC)fst01360506
		</subfield>
	</datafield>
	<datafield ind1=" " ind2="7" tag="650">
		<subfield code="a">
			Arabic language
		</subfield>
		<subfield code="x">
			Grammar.
		</subfield>
		<subfield code="2">
			fast
		</subfield>
		<subfield code="0">
			(OCoLC)fst00812341
		</subfield>
	</datafield>
	<datafield ind1=" " ind2="7" tag="655">
		<subfield code="a">
			Early works.
		</subfield>
		<subfield code="2">
			fast
		</subfield>
		<subfield code="0">
			(OCoLC)fst01411636
		</subfield>
	</datafield>
	<datafield ind1="1" ind2=" " tag="700">
		<subfield code="6">
			880-05
		</subfield>
		<subfield code="a">
			Ibn ʻAqīl, ʻAbd Allāh ibn ʻAbd al-Raḥmān,
		</subfield>
		<subfield code="d">
			1294?-1367.
		</subfield>
	</datafield>
	<datafield ind1="1" ind2=" " tag="700">
		<subfield code="6">
			880-06
		</subfield>
		<subfield code="a">
			Ushmūnī, ʻAlī ibn Muḥammad,
		</subfield>
		<subfield code="d">
			1435-1494 or 1495.
		</subfield>
	</datafield>
	<datafield ind1="1" ind2=" " tag="700">
		<subfield code="6">
			880-07
		</subfield>
		<subfield code="a">
			Ibn Hishām, ʻAbd Allāh ibn Yūsuf,
		</subfield>
		<subfield code="d">
			1309-1360.
		</subfield>
	</datafield>
	<datafield ind1="1" ind2=" " tag="700">
		<subfield code="6">
			880-08
		</subfield>
		<subfield code="a">
			Ibn Mālik, Muḥammad ibn ʻAbd Allāh,
		</subfield>
		<subfield code="d">
			-1274.
		</subfield>
		<subfield code="t">
			Alfīyah.
		</subfield>
	</datafield>
	<datafield ind1="2" ind2=" " tag="710">
		<subfield code="a">
			Princeton University.
		</subfield>
		<subfield code="b">
			Library.
		</subfield>
	</datafield>
	<datafield ind1="0" ind2=" " tag="730">
		<subfield code="a">
			Arabic Collections Online.
		</subfield>
	</datafield>
	<datafield ind1="0" ind2="8" tag="776">
		<subfield code="i">
			Print version:
		</subfield>
		<subfield code="a">
			Hāshimī, Aḥmad.
		</subfield>
		<subfield code="t">
			al-Qawāʻid al-asāsīyah lil-lughah al-ʻArabīyah
		</subfield>
		<subfield code="w">
			(NjP)972111
		</subfield>
		<subfield code="w">
			(OCoLC)32540518
		</subfield>
	</datafield>
	<datafield ind1="4" ind2="0" tag="856">
		<subfield code="u">
			http://hdl.handle.net/2333.1/4mw6mcv9
		</subfield>
	</datafield>
	<datafield ind1="1" ind2=" " tag="880">
		<subfield code="6">
			100-01
		</subfield>
		<subfield code="a">
			هاشمي، احمد.  
		</subfield>
	</datafield>
	<datafield ind1="1" ind2="2" tag="880">
		<subfield code="6">
			245-02
		</subfield>
		<subfield code="a">
			القواعد الاساسية لللغة العربية :
		</subfield>
		<subfield code="b">
			حسب منهج &quot;متن الالفية&quot; لاابن مال وخلاصة الشراح لاابن هشام وابن عقيل والاشموني /
		</subfield>
		<subfield code="c">
			تأليف احمد الهاشمي.
		</subfield>
	</datafield>
	<datafield ind1=" " ind2=" " tag="880">
		<subfield code="6">
			250-03
		</subfield>
		<subfield code="a">
			الطبعة 2.
		</subfield>
	</datafield>
	<datafield ind1=" " ind2=" " tag="880">
		<subfield code="6">
			260-04
		</subfield>
		<subfield code="a">
			[ايران] :
		</subfield>
		<subfield code="b">
			دار الهجرة، 1410 [1989 or 1990]
		</subfield>
	</datafield>
	<datafield ind1="1" ind2=" " tag="880">
		<subfield code="6">
			700-05
		</subfield>
		<subfield code="a">
			ابن عقيل، عبد الله بن عبد الرحمن،
		</subfield>
		<subfield code="d">
			1294؟1367.
		</subfield>
	</datafield>
	<datafield ind1="1" ind2=" " tag="880">
		<subfield code="6">
			700-06
		</subfield>
		<subfield code="a">
			اشموني، علي بن محمد،
		</subfield>
		<subfield code="d">
			1435-1494 or 1495.
		</subfield>
	</datafield>
	<datafield ind1="1" ind2=" " tag="880">
		<subfield code="6">
			700-07
		</subfield>
		<subfield code="a">
			ابن هشام، عبد الله بن يوسف،
		</subfield>
		<subfield code="d">
			1309-1360.
		</subfield>
	</datafield>
	<datafield ind1="1" ind2=" " tag="880">
		<subfield code="6">
			700-08
		</subfield>
		<subfield code="a">
			ابن مالك، محمد بن عبد الله،
		</subfield>
		<subfield code="d">
			-1274.
		</subfield>
		<subfield code="t">
			الفية.
		</subfield>
	</datafield>
	<datafield ind1=" " ind2=" " tag="959">
		<subfield code="a">
			NNU
		</subfield>
		<subfield code="b">
			WEB
		</subfield>
		<subfield code="c">
			GENI
		</subfield>
		<subfield code="t">
			0
		</subfield>
		<subfield code="m">
			Electronic access
		</subfield>
		<subfield code="s">
			01
		</subfield>
	</datafield>
	<datafield ind1=" " ind2=" " tag="999">
		<subfield code="i">
			NjP_972111
		</subfield>
		<subfield code="o">
			(OCoLC)ocm32540518
		</subfield>
		<subfield code="s">
			princeton_aco000036
		</subfield>
		<subfield code="e">
			(ERROR-880)
		</subfield>
		<subfield code="s">
			princeton_aco000036
		</subfield>
	</datafield>
</record>
